<?xml version="1.0" encoding="UTF-8"?><collection xmlns="http://www.loc.gov/MARC21/slim"><record><leader>00574nam--2200181-i-4500</leader><controlfield tag="001">000019613</controlfield><controlfield tag="002">20161230</controlfield><controlfield tag="005">20161230201033</controlfield><controlfield tag="008">060222s1000------------r-----000-0-ger-d</controlfield><datafield ind1=" " ind2=" " tag="040"><subfield code="a">IFIN-HH</subfield></datafield><datafield ind1=" " ind2=" " tag="041"><subfield code="a">geR</subfield></datafield><datafield ind1=" " ind2=" " tag="080"><subfield code="a">535.33(043):523.7(043)</subfield></datafield><datafield ind1="1" ind2=" " tag="100"><subfield code="a">Elzner, Lutz-rainer</subfield></datafield><datafield ind1="1" ind2="0" tag="245"><subfield code="a">Zur theorie solarer uv-linien-und. radiostrahlung bei berucksichtigung von spikularen strukturen und stosswellen</subfield><subfield code="b">Dissertation</subfield><subfield code="c">Lutz-rainer elzner</subfield></datafield><datafield ind1=" " ind2=" " tag="260"><subfield code="a">Tubingen</subfield><subfield code="b">Universitat Zu Tubingen</subfield><subfield code="c">1975</subfield></datafield><datafield ind1=" " ind2=" " tag="300"><subfield code="a">145 P</subfield></datafield><datafield ind1=" " ind2=" " tag="852"><subfield code="a">43430</subfield><subfield code="c">523</subfield></datafield><datafield ind1=" " ind2=" " tag="CAT"><subfield code="a">Sys</subfield><subfield code="c">20130829</subfield><subfield code="h">145209</subfield></datafield></record></collection>